<?xml version="1.0" encoding="UTF-8"?><collection xmlns="http://www.loc.gov/MARC21/slim"><record><leader>00642nam--2200193-u-4500</leader><controlfield tag="001">000053185</controlfield><controlfield tag="002">20161230</controlfield><controlfield tag="005">20170105143228</controlfield><controlfield tag="008">110112s1000------------r-----000-0-rum-d</controlfield><datafield ind1=" " ind2=" " tag="040"><subfield code="a">IFIN-HH</subfield></datafield><datafield ind1=" " ind2=" " tag="041"><subfield code="a">rum</subfield></datafield><datafield ind1=" " ind2=" " tag="080"><subfield code="a">539.172.17(043)</subfield></datafield><datafield ind1="1" ind2=" " tag="100"><subfield code="a">Raduta, Alexandru Horia</subfield></datafield><datafield ind1="1" ind2="0" tag="245"><subfield code="a">Model microcanonic de multifragmentare nucleara. studiu teoretic al curbei calorice nucleare in contextul rezultatelor experimentale recente</subfield><subfield code="b">Teza</subfield><subfield code="c">Alexandru Horia Raduta</subfield></datafield><datafield ind1=" " ind2=" " tag="260"><subfield code="a">Bucuresti</subfield><subfield code="b">Ifa</subfield><subfield code="c">1999</subfield></datafield><datafield ind1=" " ind2=" " tag="300"><subfield code="a">75 p</subfield></datafield><datafield ind1=" " ind2=" " tag="502"><subfield code="a">Coordonator Stiintific: Prof. Dr. Dorin Poenaru</subfield></datafield><datafield ind1=" " ind2=" " tag="852"><subfield code="a">81060</subfield><subfield code="c">539.17</subfield></datafield><datafield ind1=" " ind2=" " tag="CAT"><subfield code="a">SYS</subfield><subfield code="c">20170105</subfield><subfield code="h">143228</subfield></datafield></record></collection>